@article{Th√©venaz2000,
author = {Th\'evenaz, P. and Blu, T. and Unser, M.},
journal = {IEEE Transactions on Medical Imaging},
title = {Interpolation revisited},
year = {2000},
volume = {19},
number = {7},
pages = {739-758},
doi = {10.1109/42.875199}
}

@article{Fritsch1980,
author = {Fritsch, F. N. and Carlson, R. E.},
title = {Monotone Piecewise Cubic Interpolation},
journal = {SIAM Journal on Numerical Analysis},
volume = {17},
number = {2},
pages = {238-246},
year = {1980},
doi = {10.1137/0717021},
}

@article{Fritsch1984,
author = {Fritsch, F. N. and Butland, J.},
title = {A Method for Constructing Local Monotone Piecewise Cubic Interpolants},
journal = {SIAM Journal on Scientific and Statistical Computing},
volume = {5},
number = {2},
pages = {300-304},
year = {1984},
doi = {10.1137/0905021},
}

@article{Steffen1990,
author = {{Steffen}, M.},
title = "{A Simple Method for Monotonic Interpolation in One Dimension}",
journal = {Astronomy and Astrophysics},
year = {1990},
volume = {239},
pages = {443-450},
url = {https://adsabs.harvard.edu/abs/1990A%26A...239..443S},
}

@article{Eilers1996,
author = {Paul H. C. Eilers and Brian D. Marx},
title = {Flexible smoothing with B-splines and penalties},
volume = {11},
journal = {Statistical Science},
number = {2},
publisher = {Institute of Mathematical Statistics},
pages = {89 -- 121},
year = {1996},
doi = {10.1214/ss/1038425655},
url = {https://projecteuclid.org/euclid.ss/1038425655},
}

@article{Akima1970,
author = {Akima, Hiroshi},
title = {A New Method of Interpolation and Smooth Curve Fitting Based on Local Procedures},
year = {1970},
publisher = {Association for Computing Machinery},
address = {New York, NY, USA},
volume = {17},
number = {4},
issn = {0004-5411},
doi = {10.1145/321607.321609},
journal = {J. ACM},
pages = {589--602},
numpages = {14},
}
